@book{burke2005search,
  title={Search methodologies},
  author={Burke, Edmund K and Kendall, Graham and others},
  year={2005},
  publisher={Springer}
},
@book{kennedy2001swarm,
  title={Swarm intelligence},
  author={Kennedy, James and Kennedy, James F and Eberhart, Russell C and Shi, Yuhui},
  year={2001},
  publisher={Morgan Kaufmann}
},
@article{wolpert1997no,
  title={No free lunch theorems for optimization},
  author={Wolpert, David H and Macready, William G},
  journal={IEEE transactions on evolutionary computation},
  volume={1},
  number={1},
  pages={67--82},
  year={1997},
  publisher={IEEE}
},

